@misc{MRI,
	key = {MRI},
	title={{Matz's Ruby Interpreter}},
	url = {https://github.com/ruby/ruby},
	note = {Accessed: 2016-3-11},
	year = {2016}
}
@misc{sampleapp,
	key = {Rails Tutorial},
	title={{A Sample Microblog Application}},
	url = {https://github.com/railstutorial/sample_app_rails_4},
	note = {Accessed: 2016-3-21},
	year = {2016}
}
@misc{StackOverflow,
	key = {StackOverflow},
	title={{Checkpoint and Restore the Heap in Ruby}},
	url = {http://stackoverflow.com/a/35346622/2016967},
	note = {Accessed: 2016-3-9},
	year = {2016}
}
@misc{selfstarter,
	key = {SelfStarter},
  title={{A starting point for building an ad-hoc crowdfunding
    site.}},
	url = {https://github.com/lockitron/selfstarter},
	note = {Accessed: 2016-3-20},
	year = {2016}
}
@misc{railsphilosophy,
	key = {Ruby on Rails},
  title={{Convention over Configuration}},
	url = {http://rubyonrails.org/},
	note = {Accessed: 2016-3-20},
	year = {2016}
}
@inproceedings{eval,
 author = {Richards, Gregor and Hammer, Christian and Burg, Brian and Vitek, Jan},
 title = {The Eval That Men Do: A Large-scale Study of the Use of Eval in Javascript Applications},
 booktitle = {Proceedings of the 25th European Conference on Object-oriented Programming},
 series = {ECOOP'11},
 year = {2011},
 isbn = {978-3-642-22654-0},
 location = {Lancaster, UK},
 pages = {52--78},
 numpages = {27},
 url = {http://dl.acm.org/citation.cfm?id=2032497.2032503},
 acmid = {2032503},
 publisher = {Springer-Verlag},
 address = {Berlin, Heidelberg},
} 
@Inbook{MetaOCaml,
author="Taha, Walid",
editor="Lengauer, Christian
and Batory, Don
and Consel, Charles
and Odersky, Martin",
chapter="A Gentle Introduction to Multi-stage Programming",
title="Domain-Specific Program Generation: International Seminar, Dagstuhl Castle, Germany, March 23-28, 2003. Revised Papers",
year="2004",
publisher="Springer Berlin Heidelberg",
address="Berlin, Heidelberg",
pages="30--50",
isbn="978-3-540-25935-0",
doi="10.1007/978-3-540-25935-0_3",
url="http://dx.doi.org/10.1007/978-3-540-25935-0_3"
}
@article{LMS,
 author = {Rompf, Tiark and Odersky, Martin},
 title = {Lightweight Modular Staging: A Pragmatic Approach to Runtime Code Generation and Compiled DSLs},
 journal = {Commun. ACM},
 issue_date = {June 2012},
 volume = {55},
 number = {6},
 month = jun,
 year = {2012},
 issn = {0001-0782},
 pages = {121--130},
 numpages = {10},
 url = {http://doi.acm.org/10.1145/2184319.2184345},
 doi = {10.1145/2184319.2184345},
 acmid = {2184345},
 publisher = {ACM},
 address = {New York, NY, USA},
}
@inproceedings{Rubyx,
 author = {Chaudhuri, Avik and Foster, Jeffrey S.},
 title = {Symbolic Security Analysis of Ruby-on-rails Web Applications},
 booktitle = {Proceedings of the 17th ACM Conference on Computer and Communications Security},
 series = {CCS '10},
 year = {2010},
 isbn = {978-1-4503-0245-6},
 location = {Chicago, Illinois, USA},
 pages = {585--594},
 numpages = {10},
 url = {http://doi.acm.org/10.1145/1866307.1866373},
 doi = {10.1145/1866307.1866373},
 acmid = {1866373},
 publisher = {ACM},
 address = {New York, NY, USA},
 keywords = {automated analysis, symbolic execution, web-application security},
}
@inproceedings{amb,
 author = {McCarthy, John},
 title = {A Basis for a Mathematical Theory of Computation, Preliminary Report},
 booktitle = {Papers Presented at the May 9-11, 1961, Western Joint IRE-AIEE-ACM Computer Conference},
 series = {IRE-AIEE-ACM '61 (Western)},
 year = {1961},
 location = {Los Angeles, California},
 pages = {225--238},
 numpages = {14},
 url = {http://doi.acm.org/10.1145/1460690.1460715},
 doi = {10.1145/1460690.1460715},
 acmid = {1460715},
 publisher = {ACM},
 address = {New York, NY, USA},
}
